<record><leader>00000cas a22000007a 4500</leader><controlfield tag="001">15727628</controlfield><controlfield tag="008">870522d18401840inuwr ne      0    0eng d</controlfield><controlfield tag="009">5452</controlfield><datafield ind1=" " ind2=" " tag="010"><subfield code="a">sn 87056073 </subfield></datafield><datafield ind1=" " ind2=" " tag="040"><subfield code="a">NPI</subfield><subfield code="b">eng</subfield><subfield code="c">NPI</subfield><subfield code="d">OCLCQ</subfield></datafield><datafield ind1=" " ind2=" " tag="042"><subfield code="a">msc</subfield></datafield><datafield ind1="0" ind2="0" tag="245"><subfield code="a">Kinderhook Dutchman.</subfield></datafield><datafield ind1=" " ind2=" " tag="260"><subfield code="a">Goshen, Ia [i.e. Ind.] :</subfield><subfield code="b">E.W.H. Ellis,</subfield><subfield code="c">1840.</subfield></datafield><datafield ind1=" " ind2=" " tag="310"><subfield code="a">Weekly</subfield></datafield><datafield ind1="0" ind2=" " tag="362"><subfield code="a">Vol. 1, no. 1 (May 1, 1840)-</subfield></datafield><datafield ind1="1" ind2=" " tag="362"><subfield code="a">Ceased in 1840.</subfield></datafield><datafield ind1=" " ind2=" " tag="752"><subfield code="a">United States</subfield><subfield code="b">Indiana</subfield><subfield code="c">Elkhart</subfield><subfield code="d">Goshen.</subfield></datafield></record>